@Article{oneeuro,
author = {Casiez G., Roussel N. and Vogel, D},
title = { 1€  Filter: A Simple Speed-based Low-pass Filter for Noisy Input in Interactive Systems.},
journal = {Proceedings of the ACM Conference on Human Factors in Computing Systems (CHI '12)},
year = {2012},
}

@Article{clutter,
author = {The Free Software Foundation, Inc.},
title = {Clutter Reference Manual},
journal = {q},
year = {2006},
}

@MISC{kinect,
author = {Open Kinect Community},
title = {Open Kinect Documentation},
year = {2010},
howpublished = {http://openkinect.org/wiki/Documentation},
}

@MISC{oneeurodemo,
author = {Jonathan Aceituno},
title = {1€ filter on-line interactive demo},
year = {2012},
howpublished = {http://www.lifl.fr/~casiez/1euro/InteractiveDemo/},
}
@MISC{osc,
author = {The Center For New Music and Audio Technology},
title = {OSC Developer Resources},
year = {1997},
howpublished = {http://opensoundcontrol.org/resources},
}
