
%%%%%%%%%%%%%%%%%%%%%%% ANAMORPHOSE

@article{solina2007dynamic,
  title={Dynamic anamorphosis},
  author={Solina, Franc and Batagelj, Borut},
  year={2007},
  publisher={Univerza v Ljubljani}
}

@inproceedings{Schmidt:2013:SEP:2470654.2466227,
 author = {Schmidt, Constantin and M\"{u}ller, J\"{o}rg and Bailly, Gilles},
 title = {Screenfinity: Extending the Perception Area of Content on Very Large Public Displays},
 booktitle = {Proceedings of the SIGCHI Conference on Human Factors in Computing Systems},
 series = {CHI '13},
 year = {2013},
 isbn = {978-1-4503-1899-0},
 location = {Paris, France},
 pages = {1719--1728},
 numpages = {10},
 url = {http://doi.acm.org/10.1145/2470654.2466227},
 doi = {10.1145/2470654.2466227},
 acmid = {2466227},
 publisher = {ACM},
 address = {New York, NY, USA},
 keywords = {large public displays, perception area, visual acuity},
}

@inproceedings{czerwinski2003toward,
  title={Toward characterizing the productivity benefits of very large displays},
  author={Czerwinski, Mary and Smith, Greg and Regan, Tim and Meyers, Brian and Robertson, George and Starkweather, Gary},
  booktitle={Proceedings of INTERACT},
  volume={3},
  pages={9--16},
  year={2003}
}

@inproceedings{Nacenta:2007:EPI:1294211.1294260,
 author = {Nacenta, Miguel A. and Sakurai, Satoshi and Yamaguchi, Tokuo and Miki, Yohei and Itoh, Yuichi and Kitamura, Yoshifumi and Subramanian, Sriram and Gutwin, Carl},
 title = {E-conic: A Perspective-aware Interface for Multi-display Environments},
 booktitle = {Proceedings of the 20th Annual ACM Symposium on User Interface Software and Technology},
 series = {UIST '07},
 year = {2007},
 isbn = {978-1-59593-679-0},
 location = {Newport, Rhode Island, USA},
 pages = {279--288},
 numpages = {10},
 url = {http://doi.acm.org/10.1145/1294211.1294260},
 doi = {10.1145/1294211.1294260},
 acmid = {1294260},
 publisher = {ACM},
 address = {New York, NY, USA},
 keywords = {legibility, multi-display environments, pattern matching, perspective-aware interfaces, steering, targeting},
}

@inproceedings{Czerwinski:2006:LDR:1125451.1125471,
 author = {Czerwinski, Mary and Robertson, George and Meyers, Brian and Smith, Greg and Robbins, Daniel and Tan, Desney},
 title = {Large Display Research Overview},
 booktitle = {CHI '06 Extended Abstracts on Human Factors in Computing Systems},
 series = {CHI EA '06},
 year = {2006},
 isbn = {1-59593-298-4},
 location = {Montr\&\#233;al, Qu\&\#233;bec, Canada},
 pages = {69--74},
 numpages = {6},
 url = {http://doi.acm.org/10.1145/1125451.1125471},
 doi = {10.1145/1125451.1125471},
 acmid = {1125471},
 publisher = {ACM},
 address = {New York, NY, USA},
 keywords = {information visualization, interaction, large displays},
}

@inproceedings{Vogel:2004:IPA:1029632.1029656,
 author = {Vogel, Daniel and Balakrishnan, Ravin},
 title = {Interactive Public Ambient Displays: Transitioning from Implicit to Explicit, Public to Personal, Interaction with Multiple Users},
 booktitle = {Proceedings of the 17th Annual ACM Symposium on User Interface Software and Technology},
 series = {UIST '04},
 year = {2004},
 isbn = {1-58113-957-8},
 location = {Santa Fe, NM, USA},
 pages = {137--146},
 numpages = {10},
 url = {http://doi.acm.org/10.1145/1029632.1029656},
 doi = {10.1145/1029632.1029656},
 acmid = {1029656},
 publisher = {ACM},
 address = {New York, NY, USA},
 keywords = {ambient displays, interactive public displays, subtle interaction, ubicomp},
}

@article{jakobsen2013information,
  title={Information visualization and proxemics: design opportunities and empirical findings},
  author={Jakobsen, Mikkel R and Sahlemariam Haile, Yonas and Knudsen, Soren and Hornb{\ae}k, Kasper},
  journal={Visualization and Computer Graphics, IEEE Transactions on},
  volume={19},
  number={12},
  pages={2386--2395},
  year={2013},
  publisher={IEEE}
}

@Article{pavementArt,
author = {Julian Beever},
title = {Pavement drawings},
journal = {http://users.skynet.be/J.Beever/pave.htm},
year = {May 2006},
}

%%%%%%%%%%%%%%%%%%%%%%%% LOUPE

@inproceedings{Agarwal:2013:WSA:2578048.2578052,
 author = {Agarwal, B. and Stuerzlinger, W.},
 title = {WidgetLens: A System for Adaptive Content Magnification of Widgets},
 booktitle = {Proceedings of the 27th International BCS Human Computer Interaction Conference},
 series = {BCS-HCI '13},
 year = {2013},
 location = {London, UK},
 pages = {2:1--2:10},
 articleno = {2},
 numpages = {10},
 url = {http://dl.acm.org/citation.cfm?id=2578048.2578052},
 acmid = {2578052},
 publisher = {British Computer Society},
 address = {Swinton, UK, UK},
 keywords = {magnification, semantic adaptation, windowing systems},
}

@book{Shneiderman:1986:DUI:6682,
 author = {Shneiderman, Ben},
 title = {Designing the User Interface: Strategies for Effective Human-computer Interaction},
 year = {1986},
 isbn = {0-201-16505-8},
 publisher = {Addison-Wesley Longman Publishing Co., Inc.},
 address = {Boston, MA, USA},
}
 
@inproceedings{Bederson:2000:FM:354401.354782,
 author = {Bederson, Benjamin B.},
 title = {Fisheye Menus},
 booktitle = {Proceedings of the 13th Annual ACM Symposium on User Interface Software and Technology},
 series = {UIST '00},
 year = {2000},
 isbn = {1-58113-212-3},
 location = {San Diego, California, USA},
 pages = {217--225},
 numpages = {9},
 url = {http://doi.acm.org/10.1145/354401.354782},
 doi = {10.1145/354401.354782},
 acmid = {354782},
 publisher = {ACM},
 address = {New York, NY, USA},
 keywords = {fisheye view, information visualization, menu selection, widgets},
}

@incollection{Furnas:1999:FVN:300679.300769,
 author = {Furnas, G. W.},
 chapter = {The FISHEYE View: A New Look at Structured Files},
 title = {Readings in Information Visualization},
 editor = {Card, Stuart K. and Mackinlay, Jock D. and Shneiderman, Ben},
 year = {1999},
 isbn = {1-55860-533-9},
 pages = {312--330},
 numpages = {19},
 url = {http://dl.acm.org/citation.cfm?id=300679.300769},
 acmid = {300769},
 publisher = {Morgan Kaufmann Publishers Inc.},
 address = {San Francisco, CA, USA},
}

@inproceedings{Gutwin:2002:IFT:503376.503424,
 author = {Gutwin, Carl},
 title = {Improving Focus Targeting in Interactive Fisheye Views},
 booktitle = {Proceedings of the SIGCHI Conference on Human Factors in Computing Systems},
 series = {CHI '02},
 year = {2002},
 isbn = {1-58113-453-3},
 location = {Minneapolis, Minnesota, USA},
 pages = {267--274},
 numpages = {8},
 url = {http://doi.acm.org/10.1145/503376.503424},
 doi = {10.1145/503376.503424},
 acmid = {503424},
 publisher = {ACM},
 address = {New York, NY, USA},
 keywords = {Fitts' Law, distortion-oriented visualization, fisheye views, focus+context, focus-targeting, speed-coupled flattening},
}

@inproceedings{Kline:1995:IGA:223904.223919,
 author = {Kline, Richard L. and Glinert, Ephraim P.},
 title = {Improving GUI Accessibility for People with Low Vision},
 booktitle = {Proceedings of the SIGCHI Conference on Human Factors in Computing Systems},
 series = {CHI '95},
 year = {1995},
 isbn = {0-201-84705-1},
 location = {Denver, Colorado, USA},
 pages = {114--121},
 numpages = {8},
 url = {http://dx.doi.org/10.1145/223904.223919},
 doi = {10.1145/223904.223919},
 acmid = {223919},
 publisher = {ACM Press/Addison-Wesley Publishing Co.},
 address = {New York, NY, USA},
}

@inproceedings{Ware:1995:DIM:223355.223749,
 author = {Ware, Colin and Lewis, Marlon},
 title = {The DragMag Image Magnifier},
 booktitle = {Conference Companion on Human Factors in Computing Systems},
 series = {CHI '95},
 year = {1995},
 isbn = {0-89791-755-3},
 location = {Denver, Colorado, USA},
 pages = {407--408},
 numpages = {2},
 url = {http://doi.acm.org/10.1145/223355.223749},
 doi = {10.1145/223355.223749},
 acmid = {223749},
 publisher = {ACM},
 address = {New York, NY, USA},
}

@article{Cockburn:2009:ROZ:1456650.1456652,
 author = {Cockburn, Andy and Karlson, Amy and Bederson, Benjamin B.},
 title = {A Review of Overview+Detail, Zooming, and Focus+Context Interfaces},
 journal = {ACM Comput. Surv.},
 issue_date = {January 2009},
 volume = {41},
 number = {1},
 month = jan,
 year = {2009},
 issn = {0360-0300},
 pages = {2:1--2:31},
 articleno = {2},
 numpages = {31},
 url = {http://doi.acm.org/10.1145/1456650.1456652},
 doi = {10.1145/1456650.1456652},
 acmid = {1456652},
 publisher = {ACM},
 address = {New York, NY, USA},
 keywords = {Information display, fisheye views, focus+context, information visualization, overview+detail, review paper, zoomable user interfaces},
}

@inproceedings{Gutwin:2003:FGL:642611.642648,
 author = {Gutwin, Carl and Skopik, Amy},
 title = {Fisheyes Are Good for Large Steering Tasks},
 booktitle = {Proceedings of the SIGCHI Conference on Human Factors in Computing Systems},
 series = {CHI '03},
 year = {2003},
 isbn = {1-58113-630-7},
 location = {Ft. Lauderdale, Florida, USA},
 pages = {201--208},
 numpages = {8},
 url = {http://doi.acm.org/10.1145/642611.642648},
 doi = {10.1145/642611.642648},
 acmid = {642648},
 publisher = {ACM},
 address = {New York, NY, USA},
 keywords = {Steering law, fisheye views},
}

@inproceedings{Carpendale:2004:AHM:1029632.1029645,
 author = {Carpendale, Sheelagh and Ligh, John and Pattison, Eric},
 title = {Achieving Higher Magnification in Context},
 booktitle = {Proceedings of the 17th Annual ACM Symposium on User Interface Software and Technology},
 series = {UIST '04},
 year = {2004},
 isbn = {1-58113-957-8},
 location = {Santa Fe, NM, USA},
 pages = {71--80},
 numpages = {10},
 url = {http://doi.acm.org/10.1145/1029632.1029645},
 doi = {10.1145/1029632.1029645},
 acmid = {1029645},
 publisher = {ACM},
 address = {New York, NY, USA},
 keywords = {distortion viewing, focus-in-context, magnification},
}
%%%%%%%%%%%%%%%%%%%%%%%%% INTERACTION 

@inproceedings{Nancel:2013:HPL:2470654.2470773,
 author = {Nancel, Mathieu and Chapuis, Olivier and Pietriga, Emmanuel and Yang, Xing-Dong and Irani, Pourang P. and Beaudouin-Lafon, Michel},
 title = {High-precision Pointing on Large Wall Displays Using Small Handheld Devices},
 booktitle = {Proceedings of the SIGCHI Conference on Human Factors in Computing Systems},
 series = {CHI '13},
 year = {2013},
 isbn = {978-1-4503-1899-0},
 location = {Paris, France},
 pages = {831--840},
 numpages = {10},
 url = {http://doi.acm.org/10.1145/2470654.2470773},
 doi = {10.1145/2470654.2470773},
 acmid = {2470773},
 publisher = {ACM},
 address = {New York, NY, USA},
 keywords = {handheld devices, pointing, wall displays},
}

%%%%%%%%%%%%%%%%%%%%%%%%% KINECT

@Article{oneeuro,
author = {Casiez G., Roussel N. and Vogel, D},
title = { 1€  Filter: A Simple Speed-based Low-pass Filter for Noisy Input in Interactive Systems.},
journal = {Proceedings of the ACM Conference on Human Factors in Computing Systems (CHI '12)},
year = {2012},
}