@misc{1,
      title = "EXPANDED OCULUS RIFT SUPPORT IN UNITY",
      howpublished={\url{http://blogs.unity3d.com/2014/09/20/expanded-oculus-rift-support-in-unity/}}
}

@misc{2,
      title = "The Need for Procedural Animation in VR",
      howpublished={\url{http://www.roadtovr.com/the-need-for-procedural-animation-in-virtual-reality-ocean-rift-developer/}}
}

@misc{3,
      title = "Test Ocean Rift 3D Oculus Rift - VR PC",
 	  howpublished={\url{http://parodiesaffichesfilms.blogspot.fr/2013/12/test-ocean-rift-3d-oculus-rift-vr-pc.html}}
}

@misc{4,
      title = "World of diving",
      howpublished={\url{http://www.divegame.net}}
}

@misc{5,
      title = "UnderCurrent review",
      howpublished={\url{http://www.desura.com/games/undercurrent}}
}
@misc{7,
      title = "Oculus Rift description",
      howpublished={\url{http://fr.wikipedia.org/wiki/Oculus_Rift}}
}
@misc{8,
      title = "OptiTrack prime 41 specification",
      howpublished={\url{https://www.naturalpoint.com/optitrack/products/prime-41/}}
}
@misc{9,
      title = "OptiTrack full solution kit",
      howpublished={\url{https://www.naturalpoint.com/optitrack/systems/#motive-body/prime-41/96}}
}
